@misc{ Piatt10,
       author = {Bret Piatt},
       title = {OpenStack Overview},
       year = {2010},
       note = {\url{http://www.omg.org/news/meetings/tc/ca-10/special-events/pdf/5-3_Piatt.pdf}}
       }
       
@misc{ ascetic,
		author = {www.ascetic.eu},
		title = {ASCETiC - Efficient Clouds}
		}	

@misc{ awsec2,
	   author = {Amazon.com},
	   title = {Amazon Elastic Compute Cloud - Scalable Cloud Servers},
	   note = {\url{http://aws.amazon.com/ec2}}
	   }
	   
@misc{ winazure,
	   author = {Microsoft},
	   title = {Windows Azure: Microsoft's Cloud Platform},
	   note = {\url{http://www.windowsazure.com}}
	   }
	
@misc{ 21definitions,
	   author = {Jeremy Geelan},
	   title = {21 Experts Define Cloud Computing},
	   year = {2009},
	   month = {January},
	   note = {Cloud Computing Journal, \url{cloudcomputing.sys-con.com/node/612375}}
	   }
	   
@misc{ nistcloud,
	   author = {Peter Mell, Timothy Grace},
	   title = {The NIST Definition of Cloud Computing},
	   year = {2011},
	   month = {September},
	   note = {\url{http://csrc.nist.gov/publications/nistpubs/800-145/SP800-145.pdf}}
	   }
	   
@misc{ buyyacloudemerging,
	   author = {R.Buyya, C. S. Yeo, S. Venugopal, J. Broberg, and I. Brandic},
	   title = {Cloud Computing and emerging IT platforms - Vision, hype and reality for delivering computing as the 5th utility},
	   year = {2009},
	   note = {Chapter 1}
	   }
	  
@misc{ mickinseyclearingtheair,
	   author = {McKinsey \& Co.},
	   title = {Clearing the air on Cloud Computing},
	   year = {2009}
	   }
	   
@misc{ armbrustberkeleyview,
	   author = {M. Armbrust, A. Fox, R. Grifﬁth, A. D. Joseph, and R. Katz},
	   title = {Above the Clouds: A Berkeley view of Cloud Computing},
	   year = {2009}
	   }

@misc{ principlesparadigms,
       author = {William Vootsluys, James Broberg, Rajmukar Buyya},
       title = {Cloud Computing: Principles and Paradigms},
       note = {Chapter 1},
       year = {2010}
       }
       
@misc{ w3cwebservice,
       author = {W3C},
       title = {Web Services Glossary},
       year = {2004},
       month = {February},
       note = {\url{http://www.w3.org/TR/2004/NOTE-ws-gloss-20040211/\#webservice}}
       }
        	   
@misc{ utilitybusinessmodel,
       author = {M. A. Rappa},
       title = {The utility business model and the future of computing systems},
       year = {2004},
       note = {IBM Systems Journal, 43(1):32-42}
       }
       
@misc{ utilityglobalgrids,
       author = {C. S. Yeo et al.},
       title = {Utility Computing on Global grids, Chapter 143, The Handbook of Computer Networks},
       year = {2007}
       }
       
@misc{ amazonwhatiscloudcomputing,
       author = {Amazon.com},
       title = {What is Cloud Computing? - Amazon Web Services},
       note = {\url{http://aws.amazon.com/what-is-cloud-computing/} - Accessed 15/02/14}
       }
       
@misc{ soapapazoglou,
       author = {M. P. Papazoglou, W. J. van den Heuvel},
       title = {Service oriented architectures: Approaches, technologies and research issues},
       year = {2007},
       note = {The VLDBJ Journal, 16:389-415}
       }
       
@misc{ buyyamarketorientedcomputing,
       author = {R. Buyya, S. Venugopal},
       title = {Market Oriented Computing and Global Grids: An Introduction in Market Oriented Grid and Utility Computing},
       note = {p24-44},
       year = {2009}
       }
       
@misc{ virtualworkspaces,
       author = {K. Keahey, I. Foster, T. Freeman, X. Zhang},
       title = {Virtual Workspaces: Achieving quality of service and quality of life in the grid},
       year = {2005},
       note = {13(4):265-275}
       }
       
@misc{ surveyvmresearch,
       author = {R. P. Goldberg},
       title = {Survey of Virtual Machine Research, IEEE Computer},
       note = {7(6):34-45},
       year = {1974}
       }
       
@misc{ amazonec2,
	   author = {Amazon.com},
	   title = {Amazon Web Services: Amazon Elastic Compute Cloud},
	   note = {\url{http://aws.amazon.com/ec2/}, accessed 12/02/14}
	   }
	   
@misc{ dialogiccloud,
	   author = {Dialogic Inc.},
	   title = {Introduction to Cloud Computing},
	   note = {\url{http://www.dialogic.com/~/media/products/docs/whitepapers/12023-cloud-computing-wp.pdf} - Accessed 27/01/14}
	   }
	   
@misc{ googleappengine,
	   author = {Google},
	   title = {What is Google App Engine?},
	   note = {\url{https://developers.google.com/appengine/docs/whatisgoogleappengine} - accessed 15/02/14}
	   }
	   
@misc{ vimprivatehybrid,
	   author = {B. Sotomayor, R.S. Montero, I. M. Llorente, I. Foster},
	   title = {Virtual Infrastructure Management in private and hybrid clouds, IEEE Internet Computing},
	   year = {2009}
	   } 
	   
@misc{ whereisthecloud,
	   author = {P. T. Jaeger, J. Lin, J. M. Grimes, S. N. Simmons},
	   title = {Where is the cloud? Geography, economics, environment, and jurisdiction in Cloud Computing},
	   year = {2009},
	   note = {14(4-5)}
	   }
	   
@misc{ masteringcloudcomputing,
       author = {Rajkumar Buyya, Christian Vecchiola, S. Thamarai Selvi},
       title = {Mastering Cloud Computing: Foundations and Applications Programming},
       year = {2013}
       }
       
@misc{ googledrive,
	   author = {Google},
	   title = {Google Drive: About},
	   note = {\url{http://www.google.com/drive/about.html?authuser=0} accessed 15/02/14}
	   }	
	   
@misc{ virtintro,
	author = {Amit Singh},
	title = {An Introduction to Virtualisation},
	note = {http://www.kernelthread.com/publications/virtualization/ - accessed 14/02/14},
	year = {2004}
	}
	
@misc{ vmwareoverview,
	   author = {VMWare Inc.},
	   title = {Virtualisation Overview},
	   note = {\url{http://www.vmware.com/pdf/virtualization.pdf} accessed 26/01/2014}
	   }   
	   
@misc{ agilysis,
       author = {Agilysis Inc.},
       title = {A Holistic View of Virtualization 
in the Data Center},
	   year = {2009},
	   note = {\url{http://www.agilysys.com/NR/rdonlyres/59999A65-07A1-4EDF-A95F-09C1FD55E08C/5198/Holistic_view_of_virtualization.pdf} accessed 28/01/2014}
	   }
	   
@misc{ dcimautomation,
       author = {Forrester Research},
       title = {Put DCIM Into Your Automation Plans},
       year = {2009},
       month = {December},
       note = {\url{http://www.forrester.com/Put+DCIM+Into+Your+Automation+Plans/fulltext/-/E-RES55562?objectid=RES55562} accessed 12/02/2014}
       }
       
@misc{ vmwarevsphere,
       author = {VMWare Inc.},
       title = {VMWare vSphere, the First Could Operating},
       note = {White Paper},
       year = {2009}
       }
       
@misc{ webspherejournal,
	   author = {D. Amrhein},
	   title = {WebSphere Journal},
	   year = {2010},
	   note = {\url{http://websphere.sys-con.com/node/1029500} - accessed 10/02/2014}
	   }
	   
@misc{ serverstoragevirtsingh,
       author = {A. Singh, M. Korupolu, D. Mohapatra},
       title = {Server Storage Virtualisation: Integration and load balancing in data centres},
       note = {in Proceedings of the 2008 ACM|IEEE Conference on Supercomputing, 2008, pp 1-12}
       }
       
@misc{ interconnections, 
       author = {R. Perlman},
       title = {Interconnections: Bridges, Routers, Switches and Internetworking Protocols},
       year = {1999}
       }
       
@misc{ capacitymanagement,
       author = {D. Gmach, J. Rolia, L. Cherkasova, A. Kemper},
       title = Capacity Management and demand prediction for next generation data centres},
       note = {In proceedings of IEEE international conference on Web Services, 2007, p43-50}
       }
       
@misc{ oneclickvirtualclusters, 
	   author = {K. Keahey, T. Freeman},
	   title = {Contextualisation: Providing one click virtual clusters.},
	   note = {Proceedings of IEEE Fourth International Conference on eScience, 2008, pp. 301-308},
	   year = {2008}
	   }
	   
@misc{ batchexecutionleasing, 
       author = {B. Sotomayor, K. Keahey, I. Foster},
       title = {Combining batch execution and leasing using virtual machines},
       year = {2008},
       note = {Proceedings of the 17th international symposium on High Performance Distributed Computing pp 87-96}
       }
       
@misc{ vmwarehighav,
       author = {VMWare Inc.},
       title = {VMWare High Availability (HA)},
       year = {2010},
       note = {\url{http://www.vmware.com/products/high-availability/index.html} - accessed 12/02/2014}
       }

@misc{ citrixhighav,
	   author = {Citrix Systems Inc.},
	   title = {The three levels of High Availability - Balancing priorities and Cost},
	   year = {2008},
	   note = {White Paper}
	   }
	   
@misc{ eucopensourcesystem, 
       author = {D. Nurmi, R. Wolski, C. Grzegorczyk, G. Obertelli, S. Soman, L. Youseff, and D.
Zagorodnov},
       title = 	{The Eucalyptus open-source cloud-computing system},
       note = {in Proceedings
of IEEE/ACM International Symposium on Cluster Computing and the Grid
(CCGrid 2009), Shanghai, China, pp. 124 - 131, University of California, Santa
Barbara. (2009, Sep.) Eucalyptus [online]. \url{http://open.eucalyptus.com}}
}

@misc{ eucalyptusfeatures,
       author = {Eucalyptus Systems Inc.},
       title = {Eucalyptus Cloud Features},
       year = {2014},
       note = {\url{https://www.eucalyptus.com/eucalyptus-cloud/iaas/features} - accessed 15/02/2014}
       }	    
       
@misc{ opennebulaaboutproject,
	   author = {OpenNebula.org},
	   title = {OpenNebula: About the Project},
	   note = {http://opennebula.org/about/project/ - accessed 16/02/2014}
	   } 
	   
@misc{ opennebulaabouttech,
       author = {OpenNebula.org},
       title = {OpenNebula: About the technology},
       note = {\url{http://opennebula.org/about/technology/} - accessed 16/02/2014}
       }
       
@misc{ opennebulafeatures,
       author = {OpenNebula.org},
       title = {OpenNebula: Key Features},
       note = {\url{http://opennebula.org/about/key\%20features/} - accessed 16/02/2014}
       }
       
@misc{ cernopennebula,
	   author = {David Meyer},
	   title = {Here’s why CERN ditched OpenNebula for OpenStack},
	   year = {2013},
	   month = {May},
	   note = {\url{http://gigaom.com/2013/05/31/heres-why-cern-ditched-opennebula-for-openstack/} - accessed 16/02/2014}
	   }
	   
@misc{ eucopensourcecloudsystem,
       author = { Daniel Nurmi, Rich Wolski, Chris Grzegorczyk, Graziano Obertelli, Lamia Youseff, and Dmitri Zagorodnov},
       title = {The Eucalyptus Open-source Cloud-computing System},
       year = {2009},
       month = {September},
       note = { 9th IEEE International Symposium on Cluster Computing and the Grid: 124–131. \url{http://vgrads.rice.edu/publications/pdfs/eucalyptus-ccgrid2009.pdf/} - accessed 18/02/2014}
       }
       
@misc{ nimbusabout,
       author = {University of Chicago},
       title = {About Nimbus},
       note = {http://www.nimbusproject.org/about/ - accessed 18/02/2014}
       }
       
@misc{ nimbusfeatures,
       author = {University of Chicago},
       title = {Documentation - Nimbus: Features},
       note = {\url{http://www.nimbusproject.org/docs/current/features.html} - accessed 18/02/2014}
       }
       
@misc{ openstackhomepage, 
       author = {The OpenStack Foundation},
       title = {Home - OpenStack},
       note = {\url{https://www.openstack.org/} - accessed 18/02/2014}
       }
       
@misc{ openstackcompanies,
       author = {The OpenStack Foundation},
       title = {Companies - OpenStack},
       note = {\url{https://www.openstack.org/foundation/companies/} - accessed 18/02/2014}
       }
       
@misc{ openstacksoftware,
       author = {The OpenStack Foundation},
       title = {Software - OpenStack},
       note = {\url{https://www.openstack.org/software/} - accessed 18/02/2014}
       }
       
@misc{ openstackdashboard,
	   author = {The OpenStack Foundation},
	   title = {OpenStack Dashboard - OpenStack},
	   note = {\url{https://www.openstack.org/software/openstack-dashboard/} - accessed 18/02/2014}
	   }
	   
@misc{ openstackcompute,
       author = {The OpenStack Foundation},
       title = {Compute - OpenStack},
       note = {\url{https://www.openstack.org/software/openstack-compute/} - accessed 18/02/2014}
       }
       
@misc{ openstacknetwork,
       author = {The OpenStack Foundation},
       title = {Networking - OpenStack},
       note = {\url{https://www.openstack.org/software/openstack-networking/} - accessed 18/02/2014}
       }
       
@misc{ openstackstorage,
       author = {The OpenStack Foundation},
       title = {Storage - OpenStack},
       note = {\url{https://www.openstack.org/software/openstack-storage/} - accessed 18/02/2014}
       }
       
@misc{ openstacksharedservices,
       author = {The OpenStack Foundation},
       title = {Shared Services - OpenStack},
       note = {\url{https://www.openstack.org/software/openstack-shared-services/} - accessed 18/02/2014}
       }
       
@misc{ etfevaluation,
       author = {Dr. Steve Thorn},
       title = {An Evaluation of OpenStack for the ETF},
       year = {2011},
       month = {September}
       } 
       
@misc{ cernevaluation,
       author = {Ulrich Schwickerath},
       title = {Projectplan: Evaluation of OpenStack at CERN},
       note = {\url{http://indico.cern.ch/event/118732/material/0/0.pdf} - accessed 19/02/2014}
       }
      
@misc{ qualquantdef,
       author = {State University of New York College at Cortland},
       title = {Qualitative and Quantitative Data},
       note = {\url{http://web.cortland.edu/andersmd/stats/qual.html} - accessed 19/02/2014}
       }
       
@misc{ openstackcli,
	   author = {The OpenStack Foundation},
	   title = {OpenStack Command Line Interface Reference},
	   note = {\url{http://docs.openstack.org/cli-reference/content/} - accessed 12/03/2014}
	   }
	   
@misc{ jackson,
	   author = {FasterXML},
	   title = {Jackson JSON Processing Library},
	   note = {\url{https://github.com/FasterXML/jackson/} - accessed 19/03/14}
	   }
	   
@misc{ eclipseide,
	   author = {The Eclipse Foundation},
	   title = {Eclipse IDE},
	   note = {\url{http://www.eclipse.org/} - accessed 17/03/2014}
	   }
	   
@misc{ maven,
	   author = {The Apache Foundation},
	   title = {Apache Maven},
	   note = {\url{http://maven.apache.org/} - accessed 17/03/2014}
	   }
	   
@misc{ springframework,
	   author = {Pivotal Software},
	   title = {Spring},
	   note = {\url{http://www.spring.io} - accessed 18/03/2014}
	   }
	   
@misc{ jersey,
       author = {Oracle Corporation},
       title = {Jersey - Restful Web Services in Java},
       note = {\url{http://jersey.java.net} - accessed 18/03/2014}
       }

@misc{ openstackdocs,
       author = {The Openstack Foundation},
       title = {Openstack Docs: Current},
       note = {\url{http://docs.openstack.org/} - accessed 20/03/2014}
       }
       
@misc{ restoreilly,
	   author = {Randy J. Ray, Pavel Kulchenko, O’Reilly Media, Inc.},
	   title = {Programming Web Services With Perl - Chapter 11: REST},
	   note = {\url{http://oreilly.com/catalog/pwebserperl/chapter/ch11.pdf} - accessed 20/03/13}
	   }
	   
@misc{ openstackports,
	   author = {The Openstack Foundation},
	   title = {Openstack Services and Port - Ask Openstack},
	   note = {\url{https://ask.openstack.org/en/question/6433/openstack-services-and-port/} - accessed 12/03/2014}
	   }
	   
@misc{ advancedrestclient,
       author = { Paweł Psztyć },
       title = {Advanced Rest Client},
       note = {\url{http://restforchrome.blogspot.co.uk/?utm_source=ARC\&utm_medium=InsideApplication\&utm_campaign=About} - accessed 20/03/2014}
       }
       
@misc{ googleapps,
	   author = {Google Inc.},
	   title = {Chrome Web Store},
	   note = {\url{https://chrome.google.com/webstore?utm_source=chrome-app-launcher} - accessed 15/03/2014}
	   }
	   
@misc{ log4j,
	   title = {Apache Log4j 1.2},
	   author = {The Apache Foundation},
	   note = {\url{http://logging.apache.org/log4j/1.2/} - accessed 27/03/2014}
	   }
	   
@misc{ wireshark,
	   title = {Wireshark},
	   author = {The Wireshark Foundation},
	   note = {\url{http://www.wireshark.org/} - accessed 18/04/2014}
	   }
	   
@misc{ novaref,
	title = {OpenStack API Documentation - Compute (Nova)},
	author = {The OpenStack Foundation},
	note = {\url{http://api.openstack.org/api-ref-compute-v2.html} - accessed 17/03/2014}
	}
	
@misc{ novaextref,
	   title = {OpenStack API Documentation - Compute (Nova) Extensions},
	   author = {The OpenStack Foundation},
	   note = {\url{http://api.openstack.org/api-ref-compute-v2-ext.html} - accessed 17/03/2014}
	   }
	    
	
@misc{ keystoneref,
	   title = {OpenStack API Documentation - Keystone (Identity) },
	   author = {The OpenStack Foundation},
	   note = {\url{http://api.openstack.org/api-ref-identity.html} - accessed 17/03/2014}
	   }
	   
@misc{ wincap,
	   title = {WinPcap - Home},
	   author = {Riverbed Technology},
	   note = {\url{http://www.winpcap.org/} - accessed 25/03/2014}
	   }
	   
@misc{ putty,
	   title = {PuTTY, a free SSH and Telnet Client for Windows },
	   author = {Simon Tatham},
	   note = {\url{http://www.putty.org/} - accessed 02/02/2014}
	   }
	   
@misc{ osserverstatus,
	   title = {List Servers - OpenStack Compute v2},
	   author = {The OpenStack Foundation},
	   note {\url{http://docs.openstack.org/api/openstack-compute/2/content/List_Servers-d1e2078.html} - accessed 15/03/2014}
	   }
	   
@misc{ openstackfaq,
	   title = {Q \& A - OpenStack},
	   author = {The OpenStack Foundation},
	   note = {\url{https://www.openstack.org/projects/openstack-faq/} - access 20/03/2014}
	   }
	   
@misc{ nova-admin-server,
	   title = {Pausing \& Suspending Servers - OpenStack Manuals},
	   author = {The OpenStack Foundation},
	   note = {http://docs.openstack.org/grizzly/openstack-compute/admin/content/pausing-and-suspending-instances.html - accessed 25/04/2014}
	   }
	 
@misc{ java7,
	   title = { Overview - Java 7 Platform },
	   author = {Oracle Corporation},
	   note = {\url{http://docs.oracle.com/javase/7/docs/api/}}
	   }

@misc{ resttemplate,
		title{ RestTemplate - Spring Framework},
		author = {Pivotal Software},
		note = {\url{http://docs.spring.io/spring/docs/3.0.x/api/org/springframework/web/client/RestTemplate.html
		}}
		}
		
@misc{ httpentity,
	   title = { HTTPEntity - Spring Framework},
	   author = {Pivotal Software},
	   note = {\url{http://docs.spring.io/spring/docs/3.1.x/javadoc-api/org/springframework/http/HttpEntity.html}}
	   }
	   
@misc{ speedup,
	   title = {Introduction to Parallel Computing},
	   author = {Frank Willmore},
	   year = {2012},
	   note = {\url{https://www.tacc.utexas.edu/c/document_library/get_file?uuid=e05d457a-0fbf-424b-87ce-c96fc0077099} - Page 7, accessed 07/03/2014}
	   }
	   
@misc{ aptitude,
	   title = {Aptitude},
	   author = {Ubuntu},
	   note = {https://help.ubuntu.com/12.04/serverguide/aptitude.html - accessed 15/03/2014}
	   }
	  